<collection xmlns="http://www.loc.gov/MARC21/slim">
<record>
  <leader>01031nam0a2200241 i 450 </leader>
  <controlfield tag="001">IT\ICCU\CNCE\004140</controlfield>
  <controlfield tag="005">20070821000000.0</controlfield>
  <datafield tag="012" ind1=" " ind2=" ">
    <subfield code="a">u-js e.a: aco- Prle (C) 158. (Q)</subfield>
    <subfield code="2">fei</subfield>
  </datafield>
  <datafield tag="100" ind1=" " ind2=" ">
    <subfield code="a">19970101f15801589    0itac0103    ba</subfield>
  </datafield>
  <datafield tag="101" ind1=" " ind2=" ">
    <subfield code="a">LAT</subfield>
  </datafield>
  <datafield tag="102" ind1=" " ind2=" ">
    <subfield code="a">IT</subfield>
  </datafield>
  <datafield tag="200" ind1="1" ind2=" ">
    <subfield code="a">Diuini amoris encomia diuersim breuibus recollecta assertionibus</subfield>
  </datafield>
  <datafield tag="210" ind1=" " ind2=" ">
    <subfield code="a">Mutinae</subfield>
    <subfield code="c">apud Paulum Gadaldinum</subfield>
    <subfield code="d">\158.!</subfield>
  </datafield>
  <datafield tag="215" ind1=" " ind2=" ">
    <subfield code="a">\15! c.</subfield>
    <subfield code="d">4ʻ</subfield>
  </datafield>
  <datafield tag="620" ind1=" " ind2=" ">
    <subfield code="a">IT</subfield>
    <subfield code="d">Modena</subfield>
  </datafield>
  <datafield tag="700" ind1=" " ind2="1">
    <subfield code="a">Barbarossa,</subfield>
    <subfield code="b">Paolo Emilio</subfield>
    <subfield code="3">IT\ICCU\CNCA\001367</subfield>
  </datafield>
  <datafield tag="712" ind1="0" ind2="0">
    <subfield code="a">Gadaldini, Paolo</subfield>
    <subfield code="3">IT\ICCU\CNCT\000898</subfield>
    <subfield code="4">650</subfield>
  </datafield>
  <datafield tag="791" ind1="0" ind2="0">
    <subfield code="a">Gadaldinus, Paulus</subfield>
    <subfield code="3">IT\ICCU\CNCT\004810</subfield>
    <subfield code="z">Gadaldini, Paolo</subfield>
  </datafield>
  <datafield tag="791" ind1="0" ind2="0">
    <subfield code="a">Gadaldino, Paolo</subfield>
    <subfield code="3">IT\ICCU\CNCT\004811</subfield>
    <subfield code="z">Gadaldini, Paolo</subfield>
  </datafield>
  <datafield tag="801" ind1=" " ind2="3">
    <subfield code="a">IT</subfield>
    <subfield code="b">ICCU</subfield>
    <subfield code="c">20201113</subfield>
  </datafield>
  <datafield tag="899" ind1=" " ind2=" ">
    <subfield code="a">Biblioteca statale. Cremona</subfield>
    <subfield code="1">CR0062</subfield>
    <subfield code="2">LO1 28</subfield>
  </datafield>
  <datafield tag="899" ind1=" " ind2=" ">
    <subfield code="a">Biblioteca universitaria. Pavia</subfield>
    <subfield code="1">PV0291</subfield>
    <subfield code="2">MIL UP</subfield>
  </datafield>
  <datafield tag="921" ind1=" " ind2=" ">
    <subfield code="a">IT\ICCU\CNCM\000416</subfield>
    <subfield code="b">Putto con due gigli in mano a cavallo di una tartaruga. In cornice figurata</subfield>
    <subfield code="c">V116</subfield>
    <subfield code="d">Dimensioni: 5,9 x 5,9</subfield>
    <subfield code="f">GIGLIO</subfield>
    <subfield code="f">PUTTO</subfield>
    <subfield code="f">TARTARUGA</subfield>
    <subfield code="g">1549-1600</subfield>
  </datafield>
</record>
</collection>
